
@INPROCEEDINGS{chisel:dac2012,
  author = {Jonathan Bachrach and Huy Vo and Brian Richards and Yunsup Lee and
        Andrew Waterman and Rimas Avizienis and John Wawrzynek and Krste
        Asanovic},
  title = {Chisel: constructing hardware in a {Scala} embedded language},
  booktitle = {The 49th Annual Design Automation Conference (DAC 2012)},
  year = {2012},
  editor = {Patrick Groeneveld and Donatella Sciuto and Soha Hassoun},
  pages = {1216--1225},
  address = {San Francisco, {CA}, {USA}},
  month = {June},
  publisher = {ACM},
  bibdate = {2012-06-01},
  bibsource = {DBLP, http://dblp.uni-trier.de/db/conf/dac/dac2012.html#BachrachVRLWAWA12},
  isbn = {978-1-4503-1199-1},
  url = {http://dl.acm.org/citation.cfm?id=2228360}
}
